<?xml version="1.0" encoding="UTF-8"?>
  <record xmlns="http://www.loc.gov/MARC21/slim" type="Authority">
    <leader>00000nz  a2200000nc 4500</leader>
    <controlfield tag="001">115841938</controlfield>
    <controlfield tag="003">DE-101</controlfield>
    <controlfield tag="005">20220413003058.0</controlfield>
    <controlfield tag="008">971107n||azznnaabn           | aaa    |c</controlfield>
    <datafield tag="024" ind1="7" ind2=" ">
      <subfield code="a">115841938</subfield>
      <subfield code="0">http://d-nb.info/gnd/115841938</subfield>
      <subfield code="2">gnd</subfield>
    </datafield>
    <datafield tag="035" ind1=" " ind2=" ">
      <subfield code="a">(DE-101)115841938</subfield>
    </datafield>
    <datafield tag="035" ind1=" " ind2=" ">
      <subfield code="a">(DE-588)115841938</subfield>
    </datafield>
    <datafield tag="035" ind1=" " ind2=" ">
      <subfield code="z">(DE-588)1053525486</subfield>
    </datafield>
    <datafield tag="035" ind1=" " ind2=" ">
      <subfield code="z">(DE-588a)115841938</subfield>
      <subfield code="9">v:zg</subfield>
    </datafield>
    <datafield tag="035" ind1=" " ind2=" ">
      <subfield code="z">(DE-588c)7723742-0</subfield>
      <subfield code="9">v:zg</subfield>
    </datafield>
    <datafield tag="040" ind1=" " ind2=" ">
      <subfield code="a">DE-12</subfield>
      <subfield code="c">DE-12</subfield>
      <subfield code="9">r:DE-12</subfield>
      <subfield code="b">ger</subfield>
      <subfield code="d">9999</subfield>
      <subfield code="e">rda</subfield>
    </datafield>
    <datafield tag="042" ind1=" " ind2=" ">
      <subfield code="a">gnd1</subfield>
    </datafield>
    <datafield tag="043" ind1=" " ind2=" ">
      <subfield code="c">XA-DE</subfield>
    </datafield>
    <datafield tag="065" ind1=" " ind2=" ">
      <subfield code="a">9.5p</subfield>
      <subfield code="2">sswd</subfield>
    </datafield>
    <datafield tag="065" ind1=" " ind2=" ">
      <subfield code="a">16.5p</subfield>
      <subfield code="2">sswd</subfield>
    </datafield>
    <datafield tag="075" ind1=" " ind2=" ">
      <subfield code="b">p</subfield>
      <subfield code="2">gndgen</subfield>
    </datafield>
    <datafield tag="075" ind1=" " ind2=" ">
      <subfield code="b">piz</subfield>
      <subfield code="2">gndspec</subfield>
    </datafield>
    <datafield tag="079" ind1=" " ind2=" ">
      <subfield code="a">g</subfield>
      <subfield code="q">a</subfield>
      <subfield code="q">f</subfield>
      <subfield code="q">s</subfield>
      <subfield code="q">h</subfield>
      <subfield code="u">v</subfield>
      <subfield code="u">w</subfield>
      <subfield code="u">o</subfield>
    </datafield>
    <datafield tag="100" ind1="0" ind2=" ">
      <subfield code="a">Sophia</subfield>
      <subfield code="c">Sachsen, Kurfürstin</subfield>
      <subfield code="d">1568-1622</subfield>
    </datafield>
    <datafield tag="375" ind1=" " ind2=" ">
      <subfield code="a">2</subfield>
      <subfield code="2">iso5218</subfield>
    </datafield>
    <datafield tag="400" ind1="0" ind2=" ">
      <subfield code="a">Sofie</subfield>
      <subfield code="c">Brandenburg, Markgräfin</subfield>
      <subfield code="d">1568-1622</subfield>
    </datafield>
    <datafield tag="400" ind1="0" ind2=" ">
      <subfield code="a">Sofie</subfield>
      <subfield code="c">Sachsen, Kurfürstin</subfield>
      <subfield code="d">1568-1622</subfield>
    </datafield>
    <datafield tag="400" ind1="0" ind2=" ">
      <subfield code="a">Sophia</subfield>
      <subfield code="c">Brandenburg, Markgräfin</subfield>
      <subfield code="d">1568-1622</subfield>
      <subfield code="4">nafr</subfield>
      <subfield code="4">https://d-nb.info/standards/elementset/gnd#EarlierNameOfThePerson</subfield>
      <subfield code="w">r</subfield>
      <subfield code="i">Frueherer Name</subfield>
      <subfield code="e">Frueherer Name</subfield>
    </datafield>
    <datafield tag="400" ind1="0" ind2=" ">
      <subfield code="a">Sophia</subfield>
      <subfield code="c">Marchionissa Brandenburgica</subfield>
      <subfield code="d">1568-1622</subfield>
    </datafield>
    <datafield tag="400" ind1="0" ind2=" ">
      <subfield code="a">Sophia</subfield>
      <subfield code="c">Sachsen, Herzogin</subfield>
      <subfield code="d">1568-1622</subfield>
    </datafield>
    <datafield tag="400" ind1="0" ind2=" ">
      <subfield code="a">Sophie</subfield>
      <subfield code="c">Brandenburg, Markgräfin</subfield>
      <subfield code="d">1568-1622</subfield>
    </datafield>
    <datafield tag="400" ind1="0" ind2=" ">
      <subfield code="a">Sophie</subfield>
      <subfield code="c">Sachsen, Kurfürstin</subfield>
      <subfield code="d">1568-1622</subfield>
    </datafield>
    <datafield tag="400" ind1="0" ind2=" ">
      <subfield code="a">S. H. Z. S. C. G. M. Z. B.</subfield>
      <subfield code="d">1568-1622</subfield>
    </datafield>
    <datafield tag="500" ind1="0" ind2=" ">
      <subfield code="0">(DE-101)118676075</subfield>
      <subfield code="0">(DE-588)118676075</subfield>
      <subfield code="0">https://d-nb.info/gnd/118676075</subfield>
      <subfield code="a">Christian</subfield>
      <subfield code="b">I.</subfield>
      <subfield code="c">Sachsen, Kurfürst</subfield>
      <subfield code="d">1560-1591</subfield>
      <subfield code="4">bezf</subfield>
      <subfield code="4">https://d-nb.info/standards/elementset/gnd#familialRelationship</subfield>
      <subfield code="w">r</subfield>
      <subfield code="i">Beziehung familiaer</subfield>
      <subfield code="e">Beziehung familiaer</subfield>
      <subfield code="9">v:Gemahl</subfield>
    </datafield>
    <datafield tag="500" ind1="0" ind2=" ">
      <subfield code="0">(DE-101)104175257</subfield>
      <subfield code="0">(DE-588)104175257</subfield>
      <subfield code="0">https://d-nb.info/gnd/104175257</subfield>
      <subfield code="a">Dorothea</subfield>
      <subfield code="c">Sachsen, Herzogin</subfield>
      <subfield code="d">1591-1617</subfield>
      <subfield code="4">bezf</subfield>
      <subfield code="4">https://d-nb.info/standards/elementset/gnd#familialRelationship</subfield>
      <subfield code="w">r</subfield>
      <subfield code="i">Beziehung familiaer</subfield>
      <subfield code="e">Beziehung familiaer</subfield>
      <subfield code="9">v:Tochter</subfield>
    </datafield>
    <datafield tag="500" ind1="0" ind2=" ">
      <subfield code="0">(DE-101)115821562</subfield>
      <subfield code="0">(DE-588)115821562</subfield>
      <subfield code="0">https://d-nb.info/gnd/115821562</subfield>
      <subfield code="a">Anna Sabina</subfield>
      <subfield code="c">Sachsen, Herzogin</subfield>
      <subfield code="d">1586-1586</subfield>
      <subfield code="4">bezf</subfield>
      <subfield code="4">https://d-nb.info/standards/elementset/gnd#familialRelationship</subfield>
      <subfield code="w">r</subfield>
      <subfield code="i">Beziehung familiaer</subfield>
      <subfield code="e">Beziehung familiaer</subfield>
      <subfield code="9">v:Tochter</subfield>
    </datafield>
    <datafield tag="530" ind1=" " ind2="0">
      <subfield code="0">(DE-101)1093436417</subfield>
      <subfield code="0">(DE-588)1093436417</subfield>
      <subfield code="0">https://d-nb.info/gnd/1093436417</subfield>
      <subfield code="a">Einband</subfield>
      <subfield code="g">Initiale, Sophia, Sachsen, Kurfürstin</subfield>
      <subfield code="n">01</subfield>
      <subfield code="4">rela</subfield>
      <subfield code="4">https://d-nb.info/standards/elementset/gnd#relatedWork</subfield>
      <subfield code="w">r</subfield>
      <subfield code="i">Relation allgemein</subfield>
    </datafield>
    <datafield tag="530" ind1=" " ind2="0">
      <subfield code="0">(DE-101)1093436638</subfield>
      <subfield code="0">(DE-588)1093436638</subfield>
      <subfield code="0">https://d-nb.info/gnd/1093436638</subfield>
      <subfield code="a">Einband</subfield>
      <subfield code="g">Wappen, Sophia, Sachsen, Kurfürstin</subfield>
      <subfield code="n">01</subfield>
      <subfield code="4">rela</subfield>
      <subfield code="4">https://d-nb.info/standards/elementset/gnd#relatedWork</subfield>
      <subfield code="w">r</subfield>
      <subfield code="i">Relation allgemein</subfield>
    </datafield>
    <datafield tag="530" ind1=" " ind2="0">
      <subfield code="0">(DE-101)1093436662</subfield>
      <subfield code="0">(DE-588)1093436662</subfield>
      <subfield code="0">https://d-nb.info/gnd/1093436662</subfield>
      <subfield code="a">Einband</subfield>
      <subfield code="g">Wappen, Sophia, Sachsen, Kurfürstin</subfield>
      <subfield code="n">02</subfield>
      <subfield code="4">rela</subfield>
      <subfield code="4">https://d-nb.info/standards/elementset/gnd#relatedWork</subfield>
      <subfield code="w">r</subfield>
      <subfield code="i">Relation allgemein</subfield>
    </datafield>
    <datafield tag="548" ind1=" " ind2=" ">
      <subfield code="a">1568-1622</subfield>
      <subfield code="4">datl</subfield>
      <subfield code="4">https://d-nb.info/standards/elementset/gnd#dateOfBirthAndDeath</subfield>
      <subfield code="w">r</subfield>
      <subfield code="i">Lebensdaten</subfield>
    </datafield>
    <datafield tag="548" ind1=" " ind2=" ">
      <subfield code="a">06.06.1568-07.12.1622</subfield>
      <subfield code="4">datx</subfield>
      <subfield code="4">https://d-nb.info/standards/elementset/gnd#dateOfBirthAndDeath</subfield>
      <subfield code="w">r</subfield>
      <subfield code="i">Exakte Lebensdaten</subfield>
    </datafield>
    <datafield tag="550" ind1=" " ind2=" ">
      <subfield code="0">(DE-101)040004643</subfield>
      <subfield code="0">(DE-588)4000464-8</subfield>
      <subfield code="0">https://d-nb.info/gnd/4000464-8</subfield>
      <subfield code="a">Adel</subfield>
      <subfield code="4">berc</subfield>
      <subfield code="4">https://d-nb.info/standards/elementset/gnd#professionOrOccupation</subfield>
      <subfield code="w">r</subfield>
      <subfield code="i">Charakteristischer Beruf</subfield>
    </datafield>
    <datafield tag="550" ind1=" " ind2=" ">
      <subfield code="0">(DE-101)948704330</subfield>
      <subfield code="0">(DE-588)4425673-5</subfield>
      <subfield code="0">https://d-nb.info/gnd/4425673-5</subfield>
      <subfield code="a">Kurfürstin</subfield>
      <subfield code="4">beru</subfield>
      <subfield code="4">https://d-nb.info/standards/elementset/gnd#professionOrOccupation</subfield>
      <subfield code="w">r</subfield>
      <subfield code="i">Beruf</subfield>
    </datafield>
    <datafield tag="551" ind1=" " ind2=" ">
      <subfield code="0">(DE-101)940282860</subfield>
      <subfield code="0">(DE-588)5097232-7</subfield>
      <subfield code="0">https://d-nb.info/gnd/5097232-7</subfield>
      <subfield code="a">Zechlin</subfield>
      <subfield code="4">ortg</subfield>
      <subfield code="4">https://d-nb.info/standards/elementset/gnd#placeOfBirth</subfield>
      <subfield code="w">r</subfield>
      <subfield code="i">Geburtsort</subfield>
    </datafield>
    <datafield tag="551" ind1=" " ind2=" ">
      <subfield code="0">(DE-101)040129950</subfield>
      <subfield code="0">(DE-588)4012995-0</subfield>
      <subfield code="0">https://d-nb.info/gnd/4012995-0</subfield>
      <subfield code="a">Dresden</subfield>
      <subfield code="4">orts</subfield>
      <subfield code="4">https://d-nb.info/standards/elementset/gnd#placeOfDeath</subfield>
      <subfield code="w">r</subfield>
      <subfield code="i">Sterbeort</subfield>
    </datafield>
    <datafield tag="667" ind1=" " ind2=" ">
      <subfield code="a">VD-17</subfield>
    </datafield>
    <datafield tag="667" ind1=" " ind2=" ">
      <subfield code="a">SAEBI</subfield>
      <subfield code="5">DE-14</subfield>
    </datafield>
    <datafield tag="670" ind1=" " ind2=" ">
      <subfield code="a">Wikipedia</subfield>
      <subfield code="b">Stand: 08.04.2022</subfield>
      <subfield code="u">https://de.wikipedia.org/wiki/Sophie_von_Brandenburg_(1568%E2%80%931622)</subfield>
    </datafield>
    <datafield tag="672" ind1=" " ind2="0">
      <subfield code="a">Andreas, Basilius: Iusta Sophia Saxonica</subfield>
      <subfield code="f">1623</subfield>
    </datafield>
    <datafield tag="672" ind1=" " ind2="0">
      <subfield code="a">Leyser, Polycarp: Lobwürdiges Ehrendedechtnis Der weiland ... Fürstin und Frawen, Frawen Sophia, Hertzogin zu Sachsen</subfield>
      <subfield code="f">1623</subfield>
    </datafield>
    <datafield tag="672" ind1=" " ind2="0">
      <subfield code="a">Eckhardi, Heinrich: GedechtnüßPredigt</subfield>
      <subfield code="f">1623</subfield>
    </datafield>
    <datafield tag="913" ind1=" " ind2=" ">
      <subfield code="S">pnd</subfield>
      <subfield code="i">5</subfield>
      <subfield code="a">Sophia &lt;Sachsen, Kurfürstin&gt;</subfield>
      <subfield code="0">(DE-588a)115841938</subfield>
    </datafield>
  </record>
